%YAML 1.1
%TAG !u! tag:unity3d.com,2011:
--- !u!29 &1
OcclusionCullingSettings:
  m_ObjectHideFlags: 0
  serializedVersion: 2
  m_OcclusionBakeSettings:
    smallestOccluder: 5
    smallestHole: 0.25
    backfaceThreshold: 100
  m_SceneGUID: 00000000000000000000000000000000
  m_OcclusionCullingData: {fileID: 0}
--- !u!104 &2
RenderSettings:
  m_ObjectHideFlags: 0
  serializedVersion: 7
  m_Fog: 0
  m_FogColor: {r: 0.5, g: 0.5, b: 0.5, a: 1}
  m_FogMode: 3
  m_FogDensity: 0.01
  m_LinearFogStart: 0
  m_LinearFogEnd: 300
  m_AmbientSkyColor: {r: 0.212, g: 0.227, b: 0.259, a: 1}
  m_AmbientEquatorColor: {r: 0.114, g: 0.125, b: 0.133, a: 1}
  m_AmbientGroundColor: {r: 0.047, g: 0.043, b: 0.035, a: 1}
  m_AmbientIntensity: 1
  m_AmbientMode: 0
  m_SkyboxMaterial: {fileID: 10304, guid: 0000000000000000f000000000000000, type: 0}
  m_HaloStrength: 0.5
  m_FlareStrength: 1
  m_FlareFadeSpeed: 3
  m_HaloTexture: {fileID: 0}
  m_SpotCookie: {fileID: 10001, guid: 0000000000000000e000000000000000, type: 0}
  m_DefaultReflectionMode: 0
  m_DefaultReflectionResolution: 128
  m_ReflectionBounces: 1
  m_ReflectionIntensity: 1
  m_CustomReflection: {fileID: 0}
  m_Sun: {fileID: 0}
  m_IndirectSpecularColor: {r: 0, g: 0, b: 0, a: 1}
--- !u!157 &3
LightmapSettings:
  m_ObjectHideFlags: 0
  serializedVersion: 7
  m_GIWorkflowMode: 1
  m_GISettings:
    serializedVersion: 2
    m_BounceScale: 1
    m_IndirectOutputScale: 1
    m_AlbedoBoost: 1
    m_TemporalCoherenceThreshold: 1
    m_EnvironmentLightingMode: 0
    m_EnableBakedLightmaps: 1
    m_EnableRealtimeLightmaps: 1
  m_LightmapEditorSettings:
    serializedVersion: 4
    m_Resolution: 2
    m_BakeResolution: 40
    m_TextureWidth: 1024
    m_TextureHeight: 1024
    m_AO: 0
    m_AOMaxDistance: 1
    m_CompAOExponent: 1
    m_CompAOExponentDirect: 0
    m_Padding: 2
    m_LightmapParameters: {fileID: 0}
    m_LightmapsBakeMode: 1
    m_TextureCompression: 1
    m_DirectLightInLightProbes: 1
    m_FinalGather: 0
    m_FinalGatherFiltering: 1
    m_FinalGatherRayCount: 256
    m_ReflectionCompression: 2
  m_LightingDataAsset: {fileID: 0}
  m_RuntimeCPUUsage: 25
--- !u!196 &4
NavMeshSettings:
  serializedVersion: 2
  m_ObjectHideFlags: 0
  m_BuildSettings:
    serializedVersion: 2
    agentTypeID: 0
    agentRadius: 0.5
    agentHeight: 2
    agentSlope: 45
    agentClimb: 0.4
    ledgeDropHeight: 0
    maxJumpAcrossDistance: 0
    minRegionArea: 2
    manualCellSize: 0
    cellSize: 0.16666667
    accuratePlacement: 0
  m_NavMeshData: {fileID: 0}
--- !u!1001 &256006240
Prefab:
  m_ObjectHideFlags: 0
  serializedVersion: 2
  m_Modification:
    m_TransformParent: {fileID: 0}
    m_Modifications:
    - target: {fileID: 224374485373689542, guid: c700a6f6214974c4f881ab1bc294874a,
        type: 2}
      propertyPath: m_LocalPosition.x
      value: 0
      objectReference: {fileID: 0}
    - target: {fileID: 224374485373689542, guid: c700a6f6214974c4f881ab1bc294874a,
        type: 2}
      propertyPath: m_LocalPosition.y
      value: 0
      objectReference: {fileID: 0}
    - target: {fileID: 224374485373689542, guid: c700a6f6214974c4f881ab1bc294874a,
        type: 2}
      propertyPath: m_LocalPosition.z
      value: 0
      objectReference: {fileID: 0}
    - target: {fileID: 224374485373689542, guid: c700a6f6214974c4f881ab1bc294874a,
        type: 2}
      propertyPath: m_LocalRotation.x
      value: 0
      objectReference: {fileID: 0}
    - target: {fileID: 224374485373689542, guid: c700a6f6214974c4f881ab1bc294874a,
        type: 2}
      propertyPath: m_LocalRotation.y
      value: 0
      objectReference: {fileID: 0}
    - target: {fileID: 224374485373689542, guid: c700a6f6214974c4f881ab1bc294874a,
        type: 2}
      propertyPath: m_LocalRotation.z
      value: 0
      objectReference: {fileID: 0}
    - target: {fileID: 224374485373689542, guid: c700a6f6214974c4f881ab1bc294874a,
        type: 2}
      propertyPath: m_LocalRotation.w
      value: 1
      objectReference: {fileID: 0}
    - target: {fileID: 224374485373689542, guid: c700a6f6214974c4f881ab1bc294874a,
        type: 2}
      propertyPath: m_RootOrder
      value: 3
      objectReference: {fileID: 0}
    - target: {fileID: 224374485373689542, guid: c700a6f6214974c4f881ab1bc294874a,
        type: 2}
      propertyPath: m_AnchoredPosition.x
      value: 0
      objectReference: {fileID: 0}
    - target: {fileID: 224374485373689542, guid: c700a6f6214974c4f881ab1bc294874a,
        type: 2}
      propertyPath: m_AnchoredPosition.y
      value: 0
      objectReference: {fileID: 0}
    - target: {fileID: 224374485373689542, guid: c700a6f6214974c4f881ab1bc294874a,
        type: 2}
      propertyPath: m_SizeDelta.x
      value: 0
      objectReference: {fileID: 0}
    - target: {fileID: 224374485373689542, guid: c700a6f6214974c4f881ab1bc294874a,
        type: 2}
      propertyPath: m_SizeDelta.y
      value: 0
      objectReference: {fileID: 0}
    - target: {fileID: 224374485373689542, guid: c700a6f6214974c4f881ab1bc294874a,
        type: 2}
      propertyPath: m_AnchorMin.x
      value: 0
      objectReference: {fileID: 0}
    - target: {fileID: 224374485373689542, guid: c700a6f6214974c4f881ab1bc294874a,
        type: 2}
      propertyPath: m_AnchorMin.y
      value: 0
      objectReference: {fileID: 0}
    - target: {fileID: 224374485373689542, guid: c700a6f6214974c4f881ab1bc294874a,
        type: 2}
      propertyPath: m_AnchorMax.x
      value: 0
      objectReference: {fileID: 0}
    - target: {fileID: 224374485373689542, guid: c700a6f6214974c4f881ab1bc294874a,
        type: 2}
      propertyPath: m_AnchorMax.y
      value: 0
      objectReference: {fileID: 0}
    - target: {fileID: 224374485373689542, guid: c700a6f6214974c4f881ab1bc294874a,
        type: 2}
      propertyPath: m_Pivot.x
      value: 0
      objectReference: {fileID: 0}
    - target: {fileID: 224374485373689542, guid: c700a6f6214974c4f881ab1bc294874a,
        type: 2}
      propertyPath: m_Pivot.y
      value: 0
      objectReference: {fileID: 0}
    - target: {fileID: 1451855490535686, guid: c700a6f6214974c4f881ab1bc294874a, type: 2}
      propertyPath: m_Name
      value: Retry
      objectReference: {fileID: 0}
    - target: {fileID: 1430664246726178, guid: c700a6f6214974c4f881ab1bc294874a, type: 2}
      propertyPath: m_Name
      value: Quit
      objectReference: {fileID: 0}
    - target: {fileID: 114982537818386350, guid: c700a6f6214974c4f881ab1bc294874a,
        type: 2}
      propertyPath: m_Sprite
      value: 
      objectReference: {fileID: 21300000, guid: aa55bdd4ae5c49a428e8b817f5694327,
        type: 3}
    - target: {fileID: 114512030227390862, guid: c700a6f6214974c4f881ab1bc294874a,
        type: 2}
      propertyPath: m_Sprite
      value: 
      objectReference: {fileID: 21300000, guid: 5a0d2af48c03e4542be210439d7ac1fc,
        type: 3}
    - target: {fileID: 224520811352869664, guid: c700a6f6214974c4f881ab1bc294874a,
        type: 2}
      propertyPath: m_AnchoredPosition.y
      value: -125.2
      objectReference: {fileID: 0}
    - target: {fileID: 224520811352869664, guid: c700a6f6214974c4f881ab1bc294874a,
        type: 2}
      propertyPath: m_AnchoredPosition.x
      value: -264
      objectReference: {fileID: 0}
    - target: {fileID: 224228169523071800, guid: c700a6f6214974c4f881ab1bc294874a,
        type: 2}
      propertyPath: m_AnchoredPosition.y
      value: -34
      objectReference: {fileID: 0}
    - target: {fileID: 114931275026950428, guid: c700a6f6214974c4f881ab1bc294874a,
        type: 2}
      propertyPath: m_Colors.m_HighlightedColor.r
      value: 0.19697233
      objectReference: {fileID: 0}
    - target: {fileID: 114931275026950428, guid: c700a6f6214974c4f881ab1bc294874a,
        type: 2}
      propertyPath: m_Colors.m_HighlightedColor.g
      value: 0.25544164
      objectReference: {fileID: 0}
    - target: {fileID: 114931275026950428, guid: c700a6f6214974c4f881ab1bc294874a,
        type: 2}
      propertyPath: m_Colors.m_HighlightedColor.b
      value: 0.99215686
      objectReference: {fileID: 0}
    - target: {fileID: 114068405972596284, guid: c700a6f6214974c4f881ab1bc294874a,
        type: 2}
      propertyPath: m_Colors.m_HighlightedColor.r
      value: 0.19607843
      objectReference: {fileID: 0}
    - target: {fileID: 114068405972596284, guid: c700a6f6214974c4f881ab1bc294874a,
        type: 2}
      propertyPath: m_Colors.m_HighlightedColor.g
      value: 0.25490198
      objectReference: {fileID: 0}
    - target: {fileID: 114068405972596284, guid: c700a6f6214974c4f881ab1bc294874a,
        type: 2}
      propertyPath: m_Colors.m_HighlightedColor.b
      value: 0.99215686
      objectReference: {fileID: 0}
    - target: {fileID: 114068405972596284, guid: c700a6f6214974c4f881ab1bc294874a,
        type: 2}
      propertyPath: m_OnClick.m_PersistentCalls.m_Calls.Array.data[0].m_Target
      value: 
      objectReference: {fileID: 655824091}
    - target: {fileID: 114068405972596284, guid: c700a6f6214974c4f881ab1bc294874a,
        type: 2}
      propertyPath: m_OnClick.m_PersistentCalls.m_Calls.Array.data[0].m_MethodName
      value: fadeTimeGame
      objectReference: {fileID: 0}
    - target: {fileID: 114931275026950428, guid: c700a6f6214974c4f881ab1bc294874a,
        type: 2}
      propertyPath: m_OnClick.m_PersistentCalls.m_Calls.Array.data[0].m_Target
      value: 
      objectReference: {fileID: 655824091}
    - target: {fileID: 114931275026950428, guid: c700a6f6214974c4f881ab1bc294874a,
        type: 2}
      propertyPath: m_OnClick.m_PersistentCalls.m_Calls.Array.data[0].m_MethodName
      value: fadeTimeCredits
      objectReference: {fileID: 0}
    m_RemovedComponents: []
  m_ParentPrefab: {fileID: 100100000, guid: c700a6f6214974c4f881ab1bc294874a, type: 2}
  m_RootGameObject: {fileID: 1870224687}
  m_IsPrefabParent: 0
--- !u!1 &476816509
GameObject:
  m_ObjectHideFlags: 0
  m_PrefabParentObject: {fileID: 1418738209824034, guid: 594c6c0825fa25b4ab03166dc56de0dd,
    type: 2}
  m_PrefabInternal: {fileID: 1965728317}
  serializedVersion: 5
  m_Component:
  - component: {fileID: 476816512}
  - component: {fileID: 476816511}
  - component: {fileID: 476816510}
  m_Layer: 0
  m_Name: EventSystem (1)
  m_TagString: Untagged
  m_Icon: {fileID: 0}
  m_NavMeshLayer: 0
  m_StaticEditorFlags: 0
  m_IsActive: 1
--- !u!114 &476816510
MonoBehaviour:
  m_ObjectHideFlags: 0
  m_PrefabParentObject: {fileID: 114553542229862514, guid: 594c6c0825fa25b4ab03166dc56de0dd,
    type: 2}
  m_PrefabInternal: {fileID: 1965728317}
  m_GameObject: {fileID: 476816509}
  m_Enabled: 1
  m_EditorHideFlags: 0
  m_Script: {fileID: 1077351063, guid: f5f67c52d1564df4a8936ccd202a3bd8, type: 3}
  m_Name: 
  m_EditorClassIdentifier: 
  m_HorizontalAxis: JSLX
  m_VerticalAxis: JSLY
  m_SubmitButton: A
  m_CancelButton: B
  m_InputActionsPerSecond: 10
  m_RepeatDelay: 0.2
  m_ForceModuleActive: 0
--- !u!114 &476816511
MonoBehaviour:
  m_ObjectHideFlags: 0
  m_PrefabParentObject: {fileID: 114971168350203818, guid: 594c6c0825fa25b4ab03166dc56de0dd,
    type: 2}
  m_PrefabInternal: {fileID: 1965728317}
  m_GameObject: {fileID: 476816509}
  m_Enabled: 1
  m_EditorHideFlags: 0
  m_Script: {fileID: -619905303, guid: f5f67c52d1564df4a8936ccd202a3bd8, type: 3}
  m_Name: 
  m_EditorClassIdentifier: 
  m_FirstSelected: {fileID: 1033025504}
  m_sendNavigationEvents: 1
  m_DragThreshold: 5
--- !u!4 &476816512
Transform:
  m_ObjectHideFlags: 0
  m_PrefabParentObject: {fileID: 4912865322162750, guid: 594c6c0825fa25b4ab03166dc56de0dd,
    type: 2}
  m_PrefabInternal: {fileID: 1965728317}
  m_GameObject: {fileID: 476816509}
  m_LocalRotation: {x: 0, y: 0, z: 0, w: 1}
  m_LocalPosition: {x: 0, y: 0, z: 0}
  m_LocalScale: {x: 1, y: 1, z: 1}
  m_Children: []
  m_Father: {fileID: 0}
  m_RootOrder: 5
  m_LocalEulerAnglesHint: {x: 0, y: 0, z: 0}
--- !u!1 &636590681
GameObject:
  m_ObjectHideFlags: 0
  m_PrefabParentObject: {fileID: 0}
  m_PrefabInternal: {fileID: 0}
  serializedVersion: 5
  m_Component:
  - component: {fileID: 636590683}
  - component: {fileID: 636590682}
  m_Layer: 0
  m_Name: Directional Light
  m_TagString: Untagged
  m_Icon: {fileID: 0}
  m_NavMeshLayer: 0
  m_StaticEditorFlags: 0
  m_IsActive: 1
--- !u!108 &636590682
Light:
  m_ObjectHideFlags: 0
  m_PrefabParentObject: {fileID: 0}
  m_PrefabInternal: {fileID: 0}
  m_GameObject: {fileID: 636590681}
  m_Enabled: 1
  serializedVersion: 7
  m_Type: 1
  m_Color: {r: 1, g: 0.95686275, b: 0.8392157, a: 1}
  m_Intensity: 1
  m_Range: 10
  m_SpotAngle: 30
  m_CookieSize: 10
  m_Shadows:
    m_Type: 2
    m_Resolution: -1
    m_CustomResolution: -1
    m_Strength: 1
    m_Bias: 0.05
    m_NormalBias: 0.4
    m_NearPlane: 0.2
  m_Cookie: {fileID: 0}
  m_DrawHalo: 0
  m_Flare: {fileID: 0}
  m_RenderMode: 0
  m_CullingMask:
    serializedVersion: 2
    m_Bits: 4294967295
  m_Lightmapping: 4
  m_AreaSize: {x: 1, y: 1}
  m_BounceIntensity: 1
  m_ShadowRadius: 0
  m_ShadowAngle: 0
--- !u!4 &636590683
Transform:
  m_ObjectHideFlags: 0
  m_PrefabParentObject: {fileID: 0}
  m_PrefabInternal: {fileID: 0}
  m_GameObject: {fileID: 636590681}
  m_LocalRotation: {x: 0.40821788, y: -0.23456968, z: 0.10938163, w: 0.8754261}
  m_LocalPosition: {x: 0, y: 3, z: 0}
  m_LocalScale: {x: 1, y: 1, z: 1}
  m_Children: []
  m_Father: {fileID: 0}
  m_RootOrder: 1
  m_LocalEulerAnglesHint: {x: 50, y: -30, z: 0}
--- !u!1 &655824090
GameObject:
  m_ObjectHideFlags: 0
  m_PrefabParentObject: {fileID: 1629515290099024, guid: 655f5b6eddde0da4fb3db6001fb5bd77,
    type: 2}
  m_PrefabInternal: {fileID: 0}
  serializedVersion: 5
  m_Component:
  - component: {fileID: 655824092}
  - component: {fileID: 655824091}
  m_Layer: 0
  m_Name: Scripts
  m_TagString: Untagged
  m_Icon: {fileID: 0}
  m_NavMeshLayer: 0
  m_StaticEditorFlags: 0
  m_IsActive: 1
--- !u!114 &655824091
MonoBehaviour:
  m_ObjectHideFlags: 0
  m_PrefabParentObject: {fileID: 0}
  m_PrefabInternal: {fileID: 0}
  m_GameObject: {fileID: 655824090}
  m_Enabled: 1
  m_EditorHideFlags: 0
  m_Script: {fileID: 11500000, guid: 1b428c53bb0a93543b6574f8d3e18a77, type: 3}
  m_Name: 
  m_EditorClassIdentifier: 
  fadeTime1: 0
  fadeTime2: 0
--- !u!4 &655824092
Transform:
  m_ObjectHideFlags: 0
  m_PrefabParentObject: {fileID: 4858906165812886, guid: 655f5b6eddde0da4fb3db6001fb5bd77,
    type: 2}
  m_PrefabInternal: {fileID: 0}
  m_GameObject: {fileID: 655824090}
  m_LocalRotation: {x: 0, y: 0, z: 0, w: 1}
  m_LocalPosition: {x: 0, y: 0, z: 0}
  m_LocalScale: {x: 1, y: 1, z: 1}
  m_Children: []
  m_Father: {fileID: 0}
  m_RootOrder: 4
  m_LocalEulerAnglesHint: {x: 0, y: 0, z: 0}
--- !u!1 &787498225
GameObject:
  m_ObjectHideFlags: 0
  m_PrefabParentObject: {fileID: 1578394184792254, guid: 8dcc7664f704fd6449cb2a1689e37748,
    type: 2}
  m_PrefabInternal: {fileID: 1237365027}
  serializedVersion: 5
  m_Component:
  - component: {fileID: 787498230}
  - component: {fileID: 787498229}
  - component: {fileID: 787498228}
  - component: {fileID: 787498227}
  - component: {fileID: 787498226}
  m_Layer: 0
  m_Name: Main Camera
  m_TagString: MainCamera
  m_Icon: {fileID: 0}
  m_NavMeshLayer: 0
  m_StaticEditorFlags: 0
  m_IsActive: 1
--- !u!81 &787498226
AudioListener:
  m_ObjectHideFlags: 0
  m_PrefabParentObject: {fileID: 81050324869555888, guid: 8dcc7664f704fd6449cb2a1689e37748,
    type: 2}
  m_PrefabInternal: {fileID: 1237365027}
  m_GameObject: {fileID: 787498225}
  m_Enabled: 1
--- !u!124 &787498227
Behaviour:
  m_ObjectHideFlags: 0
  m_PrefabParentObject: {fileID: 124954952456905652, guid: 8dcc7664f704fd6449cb2a1689e37748,
    type: 2}
  m_PrefabInternal: {fileID: 1237365027}
  m_GameObject: {fileID: 787498225}
  m_Enabled: 1
--- !u!92 &787498228
Behaviour:
  m_ObjectHideFlags: 0
  m_PrefabParentObject: {fileID: 92632691966467298, guid: 8dcc7664f704fd6449cb2a1689e37748,
    type: 2}
  m_PrefabInternal: {fileID: 1237365027}
  m_GameObject: {fileID: 787498225}
  m_Enabled: 1
--- !u!20 &787498229
Camera:
  m_ObjectHideFlags: 0
  m_PrefabParentObject: {fileID: 20746465469207304, guid: 8dcc7664f704fd6449cb2a1689e37748,
    type: 2}
  m_PrefabInternal: {fileID: 1237365027}
  m_GameObject: {fileID: 787498225}
  m_Enabled: 1
  serializedVersion: 2
  m_ClearFlags: 2
  m_BackGroundColor: {r: 1, g: 1, b: 1, a: 0}
  m_NormalizedViewPortRect:
    serializedVersion: 2
    x: 0
    y: 0
    width: 1
    height: 1
  near clip plane: 0.3
  far clip plane: 1000
  field of view: 60
  orthographic: 0
  orthographic size: 5
  m_Depth: -1
  m_CullingMask:
    serializedVersion: 2
    m_Bits: 4294967295
  m_RenderingPath: -1
  m_TargetTexture: {fileID: 0}
  m_TargetDisplay: 0
  m_TargetEye: 3
  m_HDR: 0
  m_OcclusionCulling: 1
  m_StereoConvergence: 10
  m_StereoSeparation: 0.022
  m_StereoMirrorMode: 0
--- !u!4 &787498230
Transform:
  m_ObjectHideFlags: 0
  m_PrefabParentObject: {fileID: 4727219914177976, guid: 8dcc7664f704fd6449cb2a1689e37748,
    type: 2}
  m_PrefabInternal: {fileID: 1237365027}
  m_GameObject: {fileID: 787498225}
  m_LocalRotation: {x: 0, y: 0, z: 0, w: 1}
  m_LocalPosition: {x: 0, y: 1, z: -10}
  m_LocalScale: {x: 1, y: 1, z: 1}
  m_Children: []
  m_Father: {fileID: 0}
  m_RootOrder: 0
  m_LocalEulerAnglesHint: {x: 0, y: 0, z: 0}
--- !u!1 &995358009
GameObject:
  m_ObjectHideFlags: 0
  m_PrefabParentObject: {fileID: 1430664246726178, guid: c700a6f6214974c4f881ab1bc294874a,
    type: 2}
  m_PrefabInternal: {fileID: 256006240}
  serializedVersion: 5
  m_Component:
  - component: {fileID: 995358010}
  - component: {fileID: 995358013}
  - component: {fileID: 995358012}
  - component: {fileID: 995358011}
  m_Layer: 5
  m_Name: Quit
  m_TagString: Untagged
  m_Icon: {fileID: 0}
  m_NavMeshLayer: 0
  m_StaticEditorFlags: 0
  m_IsActive: 1
--- !u!224 &995358010
RectTransform:
  m_ObjectHideFlags: 0
  m_PrefabParentObject: {fileID: 224520811352869664, guid: c700a6f6214974c4f881ab1bc294874a,
    type: 2}
  m_PrefabInternal: {fileID: 256006240}
  m_GameObject: {fileID: 995358009}
  m_LocalRotation: {x: -0, y: -0, z: -0, w: 1}
  m_LocalPosition: {x: 0, y: 0, z: 0}
  m_LocalScale: {x: 1, y: 1, z: 1}
  m_Children: []
  m_Father: {fileID: 1870224688}
  m_RootOrder: 2
  m_LocalEulerAnglesHint: {x: 0, y: 0, z: 0}
  m_AnchorMin: {x: 0.5, y: 0.5}
  m_AnchorMax: {x: 0.5, y: 0.5}
  m_AnchoredPosition: {x: -264, y: -125.2}
  m_SizeDelta: {x: 160, y: 80}
  m_Pivot: {x: 0.5, y: 0.5}
--- !u!114 &995358011
MonoBehaviour:
  m_ObjectHideFlags: 0
  m_PrefabParentObject: {fileID: 114931275026950428, guid: c700a6f6214974c4f881ab1bc294874a,
    type: 2}
  m_PrefabInternal: {fileID: 256006240}
  m_GameObject: {fileID: 995358009}
  m_Enabled: 1
  m_EditorHideFlags: 0
  m_Script: {fileID: 1392445389, guid: f5f67c52d1564df4a8936ccd202a3bd8, type: 3}
  m_Name: 
  m_EditorClassIdentifier: 
  m_Navigation:
    m_Mode: 3
    m_SelectOnUp: {fileID: 0}
    m_SelectOnDown: {fileID: 0}
    m_SelectOnLeft: {fileID: 0}
    m_SelectOnRight: {fileID: 0}
  m_Transition: 1
  m_Colors:
    m_NormalColor: {r: 1, g: 1, b: 1, a: 1}
    m_HighlightedColor: {r: 0.19697233, g: 0.25544164, b: 0.99215686, a: 1}
    m_PressedColor: {r: 0.78431374, g: 0.78431374, b: 0.78431374, a: 1}
    m_DisabledColor: {r: 0.78431374, g: 0.78431374, b: 0.78431374, a: 0.5019608}
    m_ColorMultiplier: 1
    m_FadeDuration: 0.1
  m_SpriteState:
    m_HighlightedSprite: {fileID: 0}
    m_PressedSprite: {fileID: 0}
    m_DisabledSprite: {fileID: 0}
  m_AnimationTriggers:
    m_NormalTrigger: Normal
    m_HighlightedTrigger: Highlighted
    m_PressedTrigger: Pressed
    m_DisabledTrigger: Disabled
  m_Interactable: 1
  m_TargetGraphic: {fileID: 995358012}
  m_OnClick:
    m_PersistentCalls:
      m_Calls:
      - m_Target: {fileID: 655824091}
        m_MethodName: fadeTimeCredits
        m_Mode: 1
        m_Arguments:
          m_ObjectArgument: {fileID: 0}
          m_ObjectArgumentAssemblyTypeName: UnityEngine.Object, UnityEngine
          m_IntArgument: 0
          m_FloatArgument: 0
          m_StringArgument: 
          m_BoolArgument: 0
        m_CallState: 2
    m_TypeName: UnityEngine.UI.Button+ButtonClickedEvent, UnityEngine.UI, Version=1.0.0.0,
      Culture=neutral, PublicKeyToken=null
--- !u!114 &995358012
MonoBehaviour:
  m_ObjectHideFlags: 0
  m_PrefabParentObject: {fileID: 114512030227390862, guid: c700a6f6214974c4f881ab1bc294874a,
    type: 2}
  m_PrefabInternal: {fileID: 256006240}
  m_GameObject: {fileID: 995358009}
  m_Enabled: 1
  m_EditorHideFlags: 0
  m_Script: {fileID: -765806418, guid: f5f67c52d1564df4a8936ccd202a3bd8, type: 3}
  m_Name: 
  m_EditorClassIdentifier: 
  m_Material: {fileID: 0}
  m_Color: {r: 1, g: 1, b: 1, a: 1}
  m_RaycastTarget: 1
  m_OnCullStateChanged:
    m_PersistentCalls:
      m_Calls: []
    m_TypeName: UnityEngine.UI.MaskableGraphic+CullStateChangedEvent, UnityEngine.UI,
      Version=1.0.0.0, Culture=neutral, PublicKeyToken=null
  m_Sprite: {fileID: 21300000, guid: 5a0d2af48c03e4542be210439d7ac1fc, type: 3}
  m_Type: 0
  m_PreserveAspect: 0
  m_FillCenter: 1
  m_FillMethod: 4
  m_FillAmount: 1
  m_FillClockwise: 1
  m_FillOrigin: 0
--- !u!222 &995358013
CanvasRenderer:
  m_ObjectHideFlags: 0
  m_PrefabParentObject: {fileID: 222643880187416564, guid: c700a6f6214974c4f881ab1bc294874a,
    type: 2}
  m_PrefabInternal: {fileID: 256006240}
  m_GameObject: {fileID: 995358009}
--- !u!1 &1033025504
GameObject:
  m_ObjectHideFlags: 0
  m_PrefabParentObject: {fileID: 1451855490535686, guid: c700a6f6214974c4f881ab1bc294874a,
    type: 2}
  m_PrefabInternal: {fileID: 256006240}
  serializedVersion: 5
  m_Component:
  - component: {fileID: 1033025508}
  - component: {fileID: 1033025507}
  - component: {fileID: 1033025506}
  - component: {fileID: 1033025505}
  m_Layer: 5
  m_Name: Retry
  m_TagString: Untagged
  m_Icon: {fileID: 0}
  m_NavMeshLayer: 0
  m_StaticEditorFlags: 0
  m_IsActive: 1
--- !u!114 &1033025505
MonoBehaviour:
  m_ObjectHideFlags: 0
  m_PrefabParentObject: {fileID: 114068405972596284, guid: c700a6f6214974c4f881ab1bc294874a,
    type: 2}
  m_PrefabInternal: {fileID: 256006240}
  m_GameObject: {fileID: 1033025504}
  m_Enabled: 1
  m_EditorHideFlags: 0
  m_Script: {fileID: 1392445389, guid: f5f67c52d1564df4a8936ccd202a3bd8, type: 3}
  m_Name: 
  m_EditorClassIdentifier: 
  m_Navigation:
    m_Mode: 3
    m_SelectOnUp: {fileID: 0}
    m_SelectOnDown: {fileID: 0}
    m_SelectOnLeft: {fileID: 0}
    m_SelectOnRight: {fileID: 0}
  m_Transition: 1
  m_Colors:
    m_NormalColor: {r: 1, g: 1, b: 1, a: 1}
    m_HighlightedColor: {r: 0.19607843, g: 0.25490198, b: 0.99215686, a: 1}
    m_PressedColor: {r: 0.78431374, g: 0.78431374, b: 0.78431374, a: 1}
    m_DisabledColor: {r: 0.78431374, g: 0.78431374, b: 0.78431374, a: 0.5019608}
    m_ColorMultiplier: 1
    m_FadeDuration: 0.1
  m_SpriteState:
    m_HighlightedSprite: {fileID: 0}
    m_PressedSprite: {fileID: 0}
    m_DisabledSprite: {fileID: 0}
  m_AnimationTriggers:
    m_NormalTrigger: Normal
    m_HighlightedTrigger: Highlighted
    m_PressedTrigger: Pressed
    m_DisabledTrigger: Disabled
  m_Interactable: 1
  m_TargetGraphic: {fileID: 1033025506}
  m_OnClick:
    m_PersistentCalls:
      m_Calls:
      - m_Target: {fileID: 655824091}
        m_MethodName: fadeTimeGame
        m_Mode: 1
        m_Arguments:
          m_ObjectArgument: {fileID: 0}
          m_ObjectArgumentAssemblyTypeName: UnityEngine.Object, UnityEngine
          m_IntArgument: 0
          m_FloatArgument: 0
          m_StringArgument: 
          m_BoolArgument: 0
        m_CallState: 2
    m_TypeName: UnityEngine.UI.Button+ButtonClickedEvent, UnityEngine.UI, Version=1.0.0.0,
      Culture=neutral, PublicKeyToken=null
--- !u!114 &1033025506
MonoBehaviour:
  m_ObjectHideFlags: 0
  m_PrefabParentObject: {fileID: 114982537818386350, guid: c700a6f6214974c4f881ab1bc294874a,
    type: 2}
  m_PrefabInternal: {fileID: 256006240}
  m_GameObject: {fileID: 1033025504}
  m_Enabled: 1
  m_EditorHideFlags: 0
  m_Script: {fileID: -765806418, guid: f5f67c52d1564df4a8936ccd202a3bd8, type: 3}
  m_Name: 
  m_EditorClassIdentifier: 
  m_Material: {fileID: 0}
  m_Color: {r: 1, g: 1, b: 1, a: 1}
  m_RaycastTarget: 1
  m_OnCullStateChanged:
    m_PersistentCalls:
      m_Calls: []
    m_TypeName: UnityEngine.UI.MaskableGraphic+CullStateChangedEvent, UnityEngine.UI,
      Version=1.0.0.0, Culture=neutral, PublicKeyToken=null
  m_Sprite: {fileID: 21300000, guid: aa55bdd4ae5c49a428e8b817f5694327, type: 3}
  m_Type: 0
  m_PreserveAspect: 0
  m_FillCenter: 1
  m_FillMethod: 4
  m_FillAmount: 1
  m_FillClockwise: 1
  m_FillOrigin: 0
--- !u!222 &1033025507
CanvasRenderer:
  m_ObjectHideFlags: 0
  m_PrefabParentObject: {fileID: 222026050151237100, guid: c700a6f6214974c4f881ab1bc294874a,
    type: 2}
  m_PrefabInternal: {fileID: 256006240}
  m_GameObject: {fileID: 1033025504}
--- !u!224 &1033025508
RectTransform:
  m_ObjectHideFlags: 0
  m_PrefabParentObject: {fileID: 224228169523071800, guid: c700a6f6214974c4f881ab1bc294874a,
    type: 2}
  m_PrefabInternal: {fileID: 256006240}
  m_GameObject: {fileID: 1033025504}
  m_LocalRotation: {x: 0, y: 0, z: 0, w: 1}
  m_LocalPosition: {x: 0, y: 0, z: 0}
  m_LocalScale: {x: 1, y: 1, z: 1}
  m_Children: []
  m_Father: {fileID: 1870224688}
  m_RootOrder: 1
  m_LocalEulerAnglesHint: {x: 0, y: 0, z: 0}
  m_AnchorMin: {x: 0.5, y: 0.5}
  m_AnchorMax: {x: 0.5, y: 0.5}
  m_AnchoredPosition: {x: -264, y: -34}
  m_SizeDelta: {x: 160, y: 80}
  m_Pivot: {x: 0.5, y: 0.5}
--- !u!1 &1213730081
GameObject:
  m_ObjectHideFlags: 0
  m_PrefabParentObject: {fileID: 1640424496427846, guid: c700a6f6214974c4f881ab1bc294874a,
    type: 2}
  m_PrefabInternal: {fileID: 256006240}
  serializedVersion: 5
  m_Component:
  - component: {fileID: 1213730082}
  - component: {fileID: 1213730084}
  - component: {fileID: 1213730083}
  m_Layer: 5
  m_Name: Background
  m_TagString: Untagged
  m_Icon: {fileID: 0}
  m_NavMeshLayer: 0
  m_StaticEditorFlags: 0
  m_IsActive: 1
--- !u!224 &1213730082
RectTransform:
  m_ObjectHideFlags: 0
  m_PrefabParentObject: {fileID: 224459495315938990, guid: c700a6f6214974c4f881ab1bc294874a,
    type: 2}
  m_PrefabInternal: {fileID: 256006240}
  m_GameObject: {fileID: 1213730081}
  m_LocalRotation: {x: 0, y: 0, z: 0, w: 1}
  m_LocalPosition: {x: 0, y: 0, z: 0}
  m_LocalScale: {x: 1, y: 1, z: 1}
  m_Children: []
  m_Father: {fileID: 1870224688}
  m_RootOrder: 0
  m_LocalEulerAnglesHint: {x: 0, y: 0, z: 0}
  m_AnchorMin: {x: 0.5, y: 0.5}
  m_AnchorMax: {x: 0.5, y: 0.5}
  m_AnchoredPosition: {x: 0, y: 0}
  m_SizeDelta: {x: 704.6, y: 382.9}
  m_Pivot: {x: 0.5, y: 0.5}
--- !u!114 &1213730083
MonoBehaviour:
  m_ObjectHideFlags: 0
  m_PrefabParentObject: {fileID: 114597355590813852, guid: c700a6f6214974c4f881ab1bc294874a,
    type: 2}
  m_PrefabInternal: {fileID: 256006240}
  m_GameObject: {fileID: 1213730081}
  m_Enabled: 1
  m_EditorHideFlags: 0
  m_Script: {fileID: -98529514, guid: f70555f144d8491a825f0804e09c671c, type: 3}
  m_Name: 
  m_EditorClassIdentifier: 
  m_Material: {fileID: 0}
  m_Color: {r: 1, g: 1, b: 1, a: 1}
  m_RaycastTarget: 1
  m_OnCullStateChanged:
    m_PersistentCalls:
      m_Calls: []
    m_TypeName: UnityEngine.UI.MaskableGraphic+CullStateChangedEvent, UnityEngine.UI,
      Version=1.0.0.0, Culture=neutral, PublicKeyToken=null
  m_Texture: {fileID: 2800000, guid: 52a8531472e6c1c48ac5ff6dbd13159d, type: 3}
  m_UVRect:
    serializedVersion: 2
    x: 0
    y: 0
    width: 1
    height: 1
--- !u!222 &1213730084
CanvasRenderer:
  m_ObjectHideFlags: 0
  m_PrefabParentObject: {fileID: 222769052907794744, guid: c700a6f6214974c4f881ab1bc294874a,
    type: 2}
  m_PrefabInternal: {fileID: 256006240}
  m_GameObject: {fileID: 1213730081}
--- !u!1001 &1237365027
Prefab:
  m_ObjectHideFlags: 0
  serializedVersion: 2
  m_Modification:
    m_TransformParent: {fileID: 0}
    m_Modifications:
    - target: {fileID: 4727219914177976, guid: 8dcc7664f704fd6449cb2a1689e37748, type: 2}
      propertyPath: m_LocalPosition.x
      value: 0
      objectReference: {fileID: 0}
    - target: {fileID: 4727219914177976, guid: 8dcc7664f704fd6449cb2a1689e37748, type: 2}
      propertyPath: m_LocalPosition.y
      value: 1
      objectReference: {fileID: 0}
    - target: {fileID: 4727219914177976, guid: 8dcc7664f704fd6449cb2a1689e37748, type: 2}
      propertyPath: m_LocalPosition.z
      value: -10
      objectReference: {fileID: 0}
    - target: {fileID: 4727219914177976, guid: 8dcc7664f704fd6449cb2a1689e37748, type: 2}
      propertyPath: m_LocalRotation.x
      value: 0
      objectReference: {fileID: 0}
    - target: {fileID: 4727219914177976, guid: 8dcc7664f704fd6449cb2a1689e37748, type: 2}
      propertyPath: m_LocalRotation.y
      value: 0
      objectReference: {fileID: 0}
    - target: {fileID: 4727219914177976, guid: 8dcc7664f704fd6449cb2a1689e37748, type: 2}
      propertyPath: m_LocalRotation.z
      value: 0
      objectReference: {fileID: 0}
    - target: {fileID: 4727219914177976, guid: 8dcc7664f704fd6449cb2a1689e37748, type: 2}
      propertyPath: m_LocalRotation.w
      value: 1
      objectReference: {fileID: 0}
    - target: {fileID: 4727219914177976, guid: 8dcc7664f704fd6449cb2a1689e37748, type: 2}
      propertyPath: m_RootOrder
      value: 0
      objectReference: {fileID: 0}
    m_RemovedComponents: []
  m_ParentPrefab: {fileID: 100100000, guid: 8dcc7664f704fd6449cb2a1689e37748, type: 2}
  m_RootGameObject: {fileID: 787498225}
  m_IsPrefabParent: 0
--- !u!1 &1315174211
GameObject:
  m_ObjectHideFlags: 0
  m_PrefabParentObject: {fileID: 0}
  m_PrefabInternal: {fileID: 0}
  serializedVersion: 5
  m_Component:
  - component: {fileID: 1315174213}
  - component: {fileID: 1315174212}
  m_Layer: 0
  m_Name: _fadeObject
  m_TagString: Untagged
  m_Icon: {fileID: 0}
  m_NavMeshLayer: 0
  m_StaticEditorFlags: 0
  m_IsActive: 1
--- !u!114 &1315174212
MonoBehaviour:
  m_ObjectHideFlags: 0
  m_PrefabParentObject: {fileID: 0}
  m_PrefabInternal: {fileID: 0}
  m_GameObject: {fileID: 1315174211}
  m_Enabled: 1
  m_EditorHideFlags: 0
  m_Script: {fileID: 11500000, guid: 5b187f7c3f9517847a329caccab38379, type: 3}
  m_Name: 
  m_EditorClassIdentifier: 
  fadeOutTexture: {fileID: 2800000, guid: ffdb69780f9ed7243b6910a6f4f97ff8, type: 3}
  fadeSpeed: 0.8
--- !u!4 &1315174213
Transform:
  m_ObjectHideFlags: 0
  m_PrefabParentObject: {fileID: 0}
  m_PrefabInternal: {fileID: 0}
  m_GameObject: {fileID: 1315174211}
  m_LocalRotation: {x: 0, y: 0, z: 0, w: 1}
  m_LocalPosition: {x: 0, y: 0, z: 0}
  m_LocalScale: {x: 1, y: 1, z: 1}
  m_Children: []
  m_Father: {fileID: 0}
  m_RootOrder: 2
  m_LocalEulerAnglesHint: {x: 0, y: 0, z: 0}
--- !u!1 &1870224687
GameObject:
  m_ObjectHideFlags: 0
  m_PrefabParentObject: {fileID: 1519361658156582, guid: c700a6f6214974c4f881ab1bc294874a,
    type: 2}
  m_PrefabInternal: {fileID: 256006240}
  serializedVersion: 5
  m_Component:
  - component: {fileID: 1870224688}
  - component: {fileID: 1870224691}
  - component: {fileID: 1870224690}
  - component: {fileID: 1870224689}
  m_Layer: 5
  m_Name: MainMenu_Canvas
  m_TagString: Untagged
  m_Icon: {fileID: 0}
  m_NavMeshLayer: 0
  m_StaticEditorFlags: 0
  m_IsActive: 1
--- !u!224 &1870224688
RectTransform:
  m_ObjectHideFlags: 0
  m_PrefabParentObject: {fileID: 224374485373689542, guid: c700a6f6214974c4f881ab1bc294874a,
    type: 2}
  m_PrefabInternal: {fileID: 256006240}
  m_GameObject: {fileID: 1870224687}
  m_LocalRotation: {x: 0, y: 0, z: 0, w: 1}
  m_LocalPosition: {x: 0, y: 0, z: 0}
  m_LocalScale: {x: 0, y: 0, z: 0}
  m_Children:
  - {fileID: 1213730082}
  - {fileID: 1033025508}
  - {fileID: 995358010}
  m_Father: {fileID: 0}
  m_RootOrder: 3
  m_LocalEulerAnglesHint: {x: 0, y: 0, z: 0}
  m_AnchorMin: {x: 0, y: 0}
  m_AnchorMax: {x: 0, y: 0}
  m_AnchoredPosition: {x: 0, y: 0}
  m_SizeDelta: {x: 0, y: 0}
  m_Pivot: {x: 0, y: 0}
--- !u!114 &1870224689
MonoBehaviour:
  m_ObjectHideFlags: 0
  m_PrefabParentObject: {fileID: 114304211914351024, guid: c700a6f6214974c4f881ab1bc294874a,
    type: 2}
  m_PrefabInternal: {fileID: 256006240}
  m_GameObject: {fileID: 1870224687}
  m_Enabled: 1
  m_EditorHideFlags: 0
  m_Script: {fileID: 1301386320, guid: f5f67c52d1564df4a8936ccd202a3bd8, type: 3}
  m_Name: 
  m_EditorClassIdentifier: 
  m_IgnoreReversedGraphics: 1
  m_BlockingObjects: 0
  m_BlockingMask:
    serializedVersion: 2
    m_Bits: 4294967295
--- !u!114 &1870224690
MonoBehaviour:
  m_ObjectHideFlags: 0
  m_PrefabParentObject: {fileID: 114360255493134000, guid: c700a6f6214974c4f881ab1bc294874a,
    type: 2}
  m_PrefabInternal: {fileID: 256006240}
  m_GameObject: {fileID: 1870224687}
  m_Enabled: 1
  m_EditorHideFlags: 0
  m_Script: {fileID: 1980459831, guid: f5f67c52d1564df4a8936ccd202a3bd8, type: 3}
  m_Name: 
  m_EditorClassIdentifier: 
  m_UiScaleMode: 1
  m_ReferencePixelsPerUnit: 100
  m_ScaleFactor: 1
  m_ReferenceResolution: {x: 800, y: 600}
  m_ScreenMatchMode: 0
  m_MatchWidthOrHeight: 0
  m_PhysicalUnit: 3
  m_FallbackScreenDPI: 96
  m_DefaultSpriteDPI: 96
  m_DynamicPixelsPerUnit: 1
--- !u!223 &1870224691
Canvas:
  m_ObjectHideFlags: 0
  m_PrefabParentObject: {fileID: 223576680524159208, guid: c700a6f6214974c4f881ab1bc294874a,
    type: 2}
  m_PrefabInternal: {fileID: 256006240}
  m_GameObject: {fileID: 1870224687}
  m_Enabled: 1
  serializedVersion: 2
  m_RenderMode: 0
  m_Camera: {fileID: 0}
  m_PlaneDistance: 100
  m_PixelPerfect: 0
  m_ReceivesEvents: 1
  m_OverrideSorting: 0
  m_OverridePixelPerfect: 0
  m_SortingBucketNormalizedSize: 0
  m_SortingLayerID: 0
  m_SortingOrder: 0
  m_TargetDisplay: 0
--- !u!1001 &1965728317
Prefab:
  m_ObjectHideFlags: 0
  serializedVersion: 2
  m_Modification:
    m_TransformParent: {fileID: 0}
    m_Modifications:
    - target: {fileID: 4912865322162750, guid: 594c6c0825fa25b4ab03166dc56de0dd, type: 2}
      propertyPath: m_LocalPosition.x
      value: 0
      objectReference: {fileID: 0}
    - target: {fileID: 4912865322162750, guid: 594c6c0825fa25b4ab03166dc56de0dd, type: 2}
      propertyPath: m_LocalPosition.y
      value: 0
      objectReference: {fileID: 0}
    - target: {fileID: 4912865322162750, guid: 594c6c0825fa25b4ab03166dc56de0dd, type: 2}
      propertyPath: m_LocalPosition.z
      value: 0
      objectReference: {fileID: 0}
    - target: {fileID: 4912865322162750, guid: 594c6c0825fa25b4ab03166dc56de0dd, type: 2}
      propertyPath: m_LocalRotation.x
      value: 0
      objectReference: {fileID: 0}
    - target: {fileID: 4912865322162750, guid: 594c6c0825fa25b4ab03166dc56de0dd, type: 2}
      propertyPath: m_LocalRotation.y
      value: 0
      objectReference: {fileID: 0}
    - target: {fileID: 4912865322162750, guid: 594c6c0825fa25b4ab03166dc56de0dd, type: 2}
      propertyPath: m_LocalRotation.z
      value: 0
      objectReference: {fileID: 0}
    - target: {fileID: 4912865322162750, guid: 594c6c0825fa25b4ab03166dc56de0dd, type: 2}
      propertyPath: m_LocalRotation.w
      value: 1
      objectReference: {fileID: 0}
    - target: {fileID: 4912865322162750, guid: 594c6c0825fa25b4ab03166dc56de0dd, type: 2}
      propertyPath: m_RootOrder
      value: 5
      objectReference: {fileID: 0}
    - target: {fileID: 114971168350203818, guid: 594c6c0825fa25b4ab03166dc56de0dd,
        type: 2}
      propertyPath: m_FirstSelected
      value: 
      objectReference: {fileID: 1033025504}
    m_RemovedComponents: []
  m_ParentPrefab: {fileID: 100100000, guid: 594c6c0825fa25b4ab03166dc56de0dd, type: 2}
  m_RootGameObject: {fileID: 476816509}
  m_IsPrefabParent: 0
