%YAML 1.1
%TAG !u! tag:unity3d.com,2011:
--- !u!1001 &100100000
Prefab:
  m_ObjectHideFlags: 1
  serializedVersion: 2
  m_Modification:
    m_TransformParent: {fileID: 0}
    m_Modifications: []
    m_RemovedComponents: []
  m_ParentPrefab: {fileID: 0}
  m_RootGameObject: {fileID: 1456888809455242}
  m_IsPrefabParent: 1
--- !u!1 &1195137498784334
GameObject:
  m_ObjectHideFlags: 0
  m_PrefabParentObject: {fileID: 0}
  m_PrefabInternal: {fileID: 100100000}
  serializedVersion: 5
  m_Component:
  - component: {fileID: 4824673778488694}
  - component: {fileID: 33568298106506384}
  - component: {fileID: 23556210798629106}
  m_Layer: 0
  m_Name: FastMonster_20
  m_TagString: Untagged
  m_Icon: {fileID: 0}
  m_NavMeshLayer: 0
  m_StaticEditorFlags: 0
  m_IsActive: 1
--- !u!1 &1338407779623420
GameObject:
  m_ObjectHideFlags: 1
  m_PrefabParentObject: {fileID: 0}
  m_PrefabInternal: {fileID: 100100000}
  serializedVersion: 5
  m_Component:
  - component: {fileID: 224065336161404930}
  - component: {fileID: 222382187767779432}
  - component: {fileID: 114330824149719632}
  m_Layer: 0
  m_Name: CL_max
  m_TagString: Untagged
  m_Icon: {fileID: 0}
  m_NavMeshLayer: 0
  m_StaticEditorFlags: 0
  m_IsActive: 1
--- !u!1 &1456888809455242
GameObject:
  m_ObjectHideFlags: 0
  m_PrefabParentObject: {fileID: 0}
  m_PrefabInternal: {fileID: 100100000}
  serializedVersion: 5
  m_Component:
  - component: {fileID: 4026348323029406}
  - component: {fileID: 114606756189201190}
  - component: {fileID: 114849709427904520}
  - component: {fileID: 195059414206944964}
  - component: {fileID: 136438876408189246}
  - component: {fileID: 54323714066796764}
  m_Layer: 0
  m_Name: BasicAlly
  m_TagString: Minion
  m_Icon: {fileID: 0}
  m_NavMeshLayer: 0
  m_StaticEditorFlags: 0
  m_IsActive: 1
--- !u!1 &1674823537014878
GameObject:
  m_ObjectHideFlags: 0
  m_PrefabParentObject: {fileID: 0}
  m_PrefabInternal: {fileID: 100100000}
  serializedVersion: 5
  m_Component:
  - component: {fileID: 224877780961273102}
  - component: {fileID: 223519891851539672}
  - component: {fileID: 114705118606877286}
  - component: {fileID: 114235973553352608}
  - component: {fileID: 114456874258958882}
  m_Layer: 0
  m_Name: Canvas
  m_TagString: Untagged
  m_Icon: {fileID: 0}
  m_NavMeshLayer: 0
  m_StaticEditorFlags: 0
  m_IsActive: 1
--- !u!1 &1804495065304516
GameObject:
  m_ObjectHideFlags: 1
  m_PrefabParentObject: {fileID: 0}
  m_PrefabInternal: {fileID: 100100000}
  serializedVersion: 5
  m_Component:
  - component: {fileID: 224869218475042934}
  - component: {fileID: 222048816191216338}
  - component: {fileID: 114112756992390362}
  m_Layer: 0
  m_Name: CL
  m_TagString: Untagged
  m_Icon: {fileID: 0}
  m_NavMeshLayer: 0
  m_StaticEditorFlags: 0
  m_IsActive: 1
--- !u!4 &4026348323029406
Transform:
  m_ObjectHideFlags: 1
  m_PrefabParentObject: {fileID: 0}
  m_PrefabInternal: {fileID: 100100000}
  m_GameObject: {fileID: 1456888809455242}
  m_LocalRotation: {x: 0, y: 0, z: 0, w: 1}
  m_LocalPosition: {x: 11.876433, y: 16.01618, z: 48.300926}
  m_LocalScale: {x: 1, y: 1, z: 1}
  m_Children:
  - {fileID: 224877780961273102}
  - {fileID: 4824673778488694}
  m_Father: {fileID: 0}
  m_RootOrder: 0
  m_LocalEulerAnglesHint: {x: 0, y: 0, z: 0}
--- !u!4 &4824673778488694
Transform:
  m_ObjectHideFlags: 1
  m_PrefabParentObject: {fileID: 0}
  m_PrefabInternal: {fileID: 100100000}
  m_GameObject: {fileID: 1195137498784334}
  m_LocalRotation: {x: -0.0713002, y: 0.72927916, z: -0.36562198, w: 0.57392406}
  m_LocalPosition: {x: 0, y: 0, z: 0}
  m_LocalScale: {x: 20, y: 20, z: 20}
  m_Children: []
  m_Father: {fileID: 4026348323029406}
  m_RootOrder: 1
  m_LocalEulerAnglesHint: {x: 26.836, y: 94.748, z: -35.936}
--- !u!23 &23556210798629106
MeshRenderer:
  m_ObjectHideFlags: 1
  m_PrefabParentObject: {fileID: 0}
  m_PrefabInternal: {fileID: 100100000}
  m_GameObject: {fileID: 1195137498784334}
  m_Enabled: 1
  m_CastShadows: 1
  m_ReceiveShadows: 1
  m_MotionVectors: 1
  m_LightProbeUsage: 1
  m_ReflectionProbeUsage: 1
  m_Materials:
  - {fileID: 2100000, guid: a2fcf52d513ecdb41b56a7a770c866c2, type: 2}
  m_StaticBatchInfo:
    firstSubMesh: 0
    subMeshCount: 0
  m_StaticBatchRoot: {fileID: 0}
  m_ProbeAnchor: {fileID: 0}
  m_LightProbeVolumeOverride: {fileID: 0}
  m_ScaleInLightmap: 1
  m_PreserveUVs: 0
  m_IgnoreNormalsForChartDetection: 0
  m_ImportantGI: 0
  m_SelectedEditorRenderState: 3
  m_MinimumChartSize: 4
  m_AutoUVMaxDistance: 0.5
  m_AutoUVMaxAngle: 89
  m_LightmapParameters: {fileID: 0}
  m_SortingLayerID: 0
  m_SortingOrder: 0
--- !u!33 &33568298106506384
MeshFilter:
  m_ObjectHideFlags: 1
  m_PrefabParentObject: {fileID: 0}
  m_PrefabInternal: {fileID: 100100000}
  m_GameObject: {fileID: 1195137498784334}
  m_Mesh: {fileID: 4300000, guid: f1cc07f36cc8bef4b9d060cbcb02b090, type: 3}
--- !u!54 &54323714066796764
Rigidbody:
  m_ObjectHideFlags: 1
  m_PrefabParentObject: {fileID: 0}
  m_PrefabInternal: {fileID: 100100000}
  m_GameObject: {fileID: 1456888809455242}
  serializedVersion: 2
  m_Mass: 1
  m_Drag: 0
  m_AngularDrag: 0.05
  m_UseGravity: 0
  m_IsKinematic: 0
  m_Interpolate: 0
  m_Constraints: 0
  m_CollisionDetection: 0
--- !u!114 &114112756992390362
MonoBehaviour:
  m_ObjectHideFlags: 1
  m_PrefabParentObject: {fileID: 0}
  m_PrefabInternal: {fileID: 100100000}
  m_GameObject: {fileID: 1804495065304516}
  m_Enabled: 1
  m_EditorHideFlags: 0
  m_Script: {fileID: -765806418, guid: f5f67c52d1564df4a8936ccd202a3bd8, type: 3}
  m_Name: 
  m_EditorClassIdentifier: 
  m_Material: {fileID: 0}
  m_Color: {r: 0.5067729, g: 0.13462368, b: 0.6102941, a: 1}
  m_RaycastTarget: 1
  m_OnCullStateChanged:
    m_PersistentCalls:
      m_Calls: []
    m_TypeName: UnityEngine.UI.MaskableGraphic+CullStateChangedEvent, UnityEngine.UI,
      Version=1.0.0.0, Culture=neutral, PublicKeyToken=null
  m_Sprite: {fileID: 0}
  m_Type: 0
  m_PreserveAspect: 0
  m_FillCenter: 1
  m_FillMethod: 4
  m_FillAmount: 1
  m_FillClockwise: 1
  m_FillOrigin: 0
--- !u!114 &114235973553352608
MonoBehaviour:
  m_ObjectHideFlags: 1
  m_PrefabParentObject: {fileID: 0}
  m_PrefabInternal: {fileID: 100100000}
  m_GameObject: {fileID: 1674823537014878}
  m_Enabled: 1
  m_EditorHideFlags: 0
  m_Script: {fileID: 1301386320, guid: f5f67c52d1564df4a8936ccd202a3bd8, type: 3}
  m_Name: 
  m_EditorClassIdentifier: 
  m_IgnoreReversedGraphics: 1
  m_BlockingObjects: 0
  m_BlockingMask:
    serializedVersion: 2
    m_Bits: 4294967295
--- !u!114 &114330824149719632
MonoBehaviour:
  m_ObjectHideFlags: 1
  m_PrefabParentObject: {fileID: 0}
  m_PrefabInternal: {fileID: 100100000}
  m_GameObject: {fileID: 1338407779623420}
  m_Enabled: 1
  m_EditorHideFlags: 0
  m_Script: {fileID: -765806418, guid: f5f67c52d1564df4a8936ccd202a3bd8, type: 3}
  m_Name: 
  m_EditorClassIdentifier: 
  m_Material: {fileID: 0}
  m_Color: {r: 0.8280046, g: 0.9044118, b: 0.7913603, a: 1}
  m_RaycastTarget: 1
  m_OnCullStateChanged:
    m_PersistentCalls:
      m_Calls: []
    m_TypeName: UnityEngine.UI.MaskableGraphic+CullStateChangedEvent, UnityEngine.UI,
      Version=1.0.0.0, Culture=neutral, PublicKeyToken=null
  m_Sprite: {fileID: 0}
  m_Type: 0
  m_PreserveAspect: 0
  m_FillCenter: 1
  m_FillMethod: 4
  m_FillAmount: 1
  m_FillClockwise: 1
  m_FillOrigin: 0
--- !u!114 &114456874258958882
MonoBehaviour:
  m_ObjectHideFlags: 1
  m_PrefabParentObject: {fileID: 0}
  m_PrefabInternal: {fileID: 100100000}
  m_GameObject: {fileID: 1674823537014878}
  m_Enabled: 1
  m_EditorHideFlags: 0
  m_Script: {fileID: 11500000, guid: c799b390c230c8b4a8b5c05d1b33eb45, type: 3}
  m_Name: 
  m_EditorClassIdentifier: 
  m_Camera: {fileID: 0}
  healthBarObject: {fileID: 224869218475042934}
  brainObject: {fileID: 1456888809455242}
--- !u!114 &114606756189201190
MonoBehaviour:
  m_ObjectHideFlags: 1
  m_PrefabParentObject: {fileID: 0}
  m_PrefabInternal: {fileID: 100100000}
  m_GameObject: {fileID: 1456888809455242}
  m_Enabled: 1
  m_EditorHideFlags: 0
  m_Script: {fileID: 11500000, guid: 5b08dac9f765ece4ea8985d2b170ba7d, type: 3}
  m_Name: 
  m_EditorClassIdentifier: 
  pizarra:
    intParams: 
    intParamsNames: []
    intParamsLostDefaultValue: 
    boolParams: 
    boolParamsNames: []
    boolParamsLostDefaultValue: 
    floatParams: []
    floatParamsNames: []
    floatParamsLostDefaultValue: 
    stringParams: []
    stringParamsNames: []
    stringParamsLostDefaultValue: 
    colorParams: []
    colorParamsNames: []
    colorParamsLostDefaultValue: 
    objectParams: []
    objectParamsNames: []
    objectParamsLostDefaultValue: 
    layerMaskParams: []
    layerMaskParamsNames: []
    layerMaskParamsLostDefaultValue: 
    enumParamsNames: []
    enumParamsLostDefaultValue: 
    vector2Params: []
    vector2ParamsNames: []
    vector2ParamsLostDefaultValue: 
    vector3Params: []
    vector3ParamsNames: []
    vector3ParamsLostDefaultValue: 
    vector4Params: []
    vector4ParamsNames: []
    vector4ParamsLostDefaultValue: 
    rectParams: []
    rectParamsNames: []
    rectParamsLostDefaultValue: 
    animationCurveParams: []
    animationCurveParamsNames: []
    animationCurveParamsLostDefaultValue: 
    boundsParams: []
    boundsParamsNames: []
    boundsParamsLostDefaultValue: 
    gradientParams: []
    gradientParamsNames: []
    gradientParamsLostDefaultValue: 
    quaternionParams: []
    quaternionParamsNames: []
    quaternionParamsLostDefaultValue: 
  maxTasksPerTick: 500
  behavior: {fileID: 11400000, guid: 4815987ffe5e8ea4e8fb84a898d1deab, type: 2}
  paused: 0
  restartWhenFinished: 1
  blackboard:
    intParams: 
    intParamsNames: []
    intParamsLostDefaultValue: 
    boolParams: 
    boolParamsNames: []
    boolParamsLostDefaultValue: 
    floatParams: []
    floatParamsNames: []
    floatParamsLostDefaultValue: 
    stringParams: []
    stringParamsNames: []
    stringParamsLostDefaultValue: 
    colorParams: []
    colorParamsNames: []
    colorParamsLostDefaultValue: 
    objectParams: []
    objectParamsNames: []
    objectParamsLostDefaultValue: 
    layerMaskParams: []
    layerMaskParamsNames: []
    layerMaskParamsLostDefaultValue: 
    enumParamsNames: []
    enumParamsLostDefaultValue: 
    vector2Params: []
    vector2ParamsNames: []
    vector2ParamsLostDefaultValue: 
    vector3Params: []
    vector3ParamsNames: []
    vector3ParamsLostDefaultValue: 
    vector4Params: []
    vector4ParamsNames: []
    vector4ParamsLostDefaultValue: 
    rectParams: []
    rectParamsNames: []
    rectParamsLostDefaultValue: 
    animationCurveParams: []
    animationCurveParamsNames: []
    animationCurveParamsLostDefaultValue: 
    boundsParams: []
    boundsParamsNames: []
    boundsParamsLostDefaultValue: 
    gradientParams: []
    gradientParamsNames: []
    gradientParamsLostDefaultValue: 
    quaternionParams: []
    quaternionParamsNames: []
    quaternionParamsLostDefaultValue: 
  intParams: 
  intParamsNames: []
  intParamsLostDefaultValue: 
  boolParams: 
  boolParamsNames: []
  boolParamsLostDefaultValue: 
  floatParams: []
  floatParamsNames: []
  floatParamsLostDefaultValue: 
  stringParams: []
  stringParamsNames: []
  stringParamsLostDefaultValue: 
  colorParams: []
  colorParamsNames: []
  colorParamsLostDefaultValue: 
  objectParams: []
  objectParamsNames: []
  objectParamsLostDefaultValue: 
  layerMaskParams: []
  layerMaskParamsNames: []
  layerMaskParamsLostDefaultValue: 
  enumParamsNames: []
  enumParamsLostDefaultValue: 
  vector2Params: []
  vector2ParamsNames: []
  vector2ParamsLostDefaultValue: 
  vector3Params: []
  vector3ParamsNames: []
  vector3ParamsLostDefaultValue: 
  vector4Params: []
  vector4ParamsNames: []
  vector4ParamsLostDefaultValue: 
  rectParams: []
  rectParamsNames: []
  rectParamsLostDefaultValue: 
  animationCurveParams: []
  animationCurveParamsNames: []
  animationCurveParamsLostDefaultValue: 
  boundsParams: []
  boundsParamsNames: []
  boundsParamsLostDefaultValue: 
  gradientParams: []
  gradientParamsNames: []
  gradientParamsLostDefaultValue: 
  quaternionParams: []
  quaternionParamsNames: []
  quaternionParamsLostDefaultValue: 
--- !u!114 &114705118606877286
MonoBehaviour:
  m_ObjectHideFlags: 1
  m_PrefabParentObject: {fileID: 0}
  m_PrefabInternal: {fileID: 100100000}
  m_GameObject: {fileID: 1674823537014878}
  m_Enabled: 1
  m_EditorHideFlags: 0
  m_Script: {fileID: 1980459831, guid: f5f67c52d1564df4a8936ccd202a3bd8, type: 3}
  m_Name: 
  m_EditorClassIdentifier: 
  m_UiScaleMode: 0
  m_ReferencePixelsPerUnit: 100
  m_ScaleFactor: 1
  m_ReferenceResolution: {x: 800, y: 600}
  m_ScreenMatchMode: 0
  m_MatchWidthOrHeight: 0
  m_PhysicalUnit: 3
  m_FallbackScreenDPI: 96
  m_DefaultSpriteDPI: 96
  m_DynamicPixelsPerUnit: 1
--- !u!114 &114849709427904520
MonoBehaviour:
  m_ObjectHideFlags: 1
  m_PrefabParentObject: {fileID: 0}
  m_PrefabInternal: {fileID: 100100000}
  m_GameObject: {fileID: 1456888809455242}
  m_Enabled: 1
  m_EditorHideFlags: 0
  m_Script: {fileID: 11500000, guid: 5bf9c3d1d0e5fee44ac6300931590c71, type: 3}
  m_Name: 
  m_EditorClassIdentifier: 
  State: 
  _CL: 0
  _CL_MAX: 10
  AttackDC: 1
  shields: 0
  num_waves: 0
  wave_points: []
  startsAsAlly: 1
  purifiable: 1
  evilMaterial: {fileID: 2100000, guid: 01ad8636dbb8914468b75333f0bb3ae1, type: 2}
  goodMaterial: {fileID: 2100000, guid: a2fcf52d513ecdb41b56a7a770c866c2, type: 2}
  attackRechargeTime: 0.75
  rend: {fileID: 23556210798629106}
  entity_type: 0
  AttackTree: {fileID: 11400000, guid: 8689b8483b7664f4980126e2ea607f2d, type: 2}
  WorkTree: {fileID: 11400000, guid: d378ca206869e3e4aa1e02cfabcaaf8b, type: 2}
  LookaroundTree: {fileID: 11400000, guid: 3697b3bca2848354d871b8e96e5c7119, type: 2}
  AllyFollowTree: {fileID: 11400000, guid: 4815987ffe5e8ea4e8fb84a898d1deab, type: 2}
  AllyWaitTree: {fileID: 11400000, guid: 8b7df8ec421087540bc367cfb2ede9a5, type: 2}
  AllyGoToTree: {fileID: 11400000, guid: ffceea6a87924ae4294177c007f8d4ab, type: 2}
  AllyActivateTree: {fileID: 0}
  threatRange: 40
  attackRange: 10
  sightRange: 60
  pickupRange: 3
  normalSpeed: 15
  surfingSpeed: 20
  slowSpeed: 7
  spawnedBy: {fileID: 0}
  partolTarget: {fileID: 0}
  workTarget: {fileID: 0}
  finishedRotateLeft: 1
  lookaroundLeft: {x: 0, y: 0, z: 0}
  lookaroundRight: {x: 0, y: 0, z: 0}
  carrying: 0
  enemyWaitPosition: {x: 0, y: 0, z: 0}
  allyManager: {fileID: 0}
  healthBar: {fileID: 0}
  startPatrol: 0
  isAbilityActive: 0
  positionSensitivity: 0
--- !u!136 &136438876408189246
CapsuleCollider:
  m_ObjectHideFlags: 1
  m_PrefabParentObject: {fileID: 0}
  m_PrefabInternal: {fileID: 100100000}
  m_GameObject: {fileID: 1456888809455242}
  m_Material: {fileID: 0}
  m_IsTrigger: 0
  m_Enabled: 1
  m_Radius: 0.68
  m_Height: 5
  m_Direction: 1
  m_Center: {x: 0, y: 2.3, z: 0}
--- !u!195 &195059414206944964
NavMeshAgent:
  m_ObjectHideFlags: 1
  m_PrefabParentObject: {fileID: 0}
  m_PrefabInternal: {fileID: 100100000}
  m_GameObject: {fileID: 1456888809455242}
  m_Enabled: 1
  m_Radius: 1
  m_Speed: 20
  m_Acceleration: 5
  avoidancePriority: 50
  m_AngularSpeed: 120
  m_StoppingDistance: 5
  m_AutoTraverseOffMeshLink: 1
  m_AutoBraking: 1
  m_AutoRepath: 1
  m_Height: 4
  m_BaseOffset: -0.3
  m_WalkableMask: 4294967295
  m_ObstacleAvoidanceType: 4
--- !u!222 &222048816191216338
CanvasRenderer:
  m_ObjectHideFlags: 1
  m_PrefabParentObject: {fileID: 0}
  m_PrefabInternal: {fileID: 100100000}
  m_GameObject: {fileID: 1804495065304516}
--- !u!222 &222382187767779432
CanvasRenderer:
  m_ObjectHideFlags: 1
  m_PrefabParentObject: {fileID: 0}
  m_PrefabInternal: {fileID: 100100000}
  m_GameObject: {fileID: 1338407779623420}
--- !u!223 &223519891851539672
Canvas:
  m_ObjectHideFlags: 1
  m_PrefabParentObject: {fileID: 0}
  m_PrefabInternal: {fileID: 100100000}
  m_GameObject: {fileID: 1674823537014878}
  m_Enabled: 1
  serializedVersion: 2
  m_RenderMode: 2
  m_Camera: {fileID: 0}
  m_PlaneDistance: 100
  m_PixelPerfect: 0
  m_ReceivesEvents: 1
  m_OverrideSorting: 0
  m_OverridePixelPerfect: 0
  m_SortingBucketNormalizedSize: 0
  m_SortingLayerID: 0
  m_SortingOrder: 0
  m_TargetDisplay: 0
--- !u!224 &224065336161404930
RectTransform:
  m_ObjectHideFlags: 1
  m_PrefabParentObject: {fileID: 0}
  m_PrefabInternal: {fileID: 100100000}
  m_GameObject: {fileID: 1338407779623420}
  m_LocalRotation: {x: -0.015009303, y: 0, z: 0, w: 0.99988735}
  m_LocalPosition: {x: 0, y: 0, z: 0}
  m_LocalScale: {x: 0.49, y: 0.05, z: 1}
  m_Children:
  - {fileID: 224869218475042934}
  m_Father: {fileID: 224877780961273102}
  m_RootOrder: 0
  m_LocalEulerAnglesHint: {x: -1.72, y: 0, z: 0}
  m_AnchorMin: {x: 0.5, y: 0.5}
  m_AnchorMax: {x: 0.5, y: 0.5}
  m_AnchoredPosition: {x: 0, y: 0}
  m_SizeDelta: {x: 120, y: 120}
  m_Pivot: {x: 0.5, y: 0.5}
--- !u!224 &224869218475042934
RectTransform:
  m_ObjectHideFlags: 1
  m_PrefabParentObject: {fileID: 0}
  m_PrefabInternal: {fileID: 100100000}
  m_GameObject: {fileID: 1804495065304516}
  m_LocalRotation: {x: -0, y: -0, z: -0, w: 1}
  m_LocalPosition: {x: 0, y: 0, z: 0}
  m_LocalScale: {x: 1, y: 1, z: 1.0282344}
  m_Children: []
  m_Father: {fileID: 224065336161404930}
  m_RootOrder: 0
  m_LocalEulerAnglesHint: {x: -1.72, y: 0, z: 0}
  m_AnchorMin: {x: 0.5, y: 0.5}
  m_AnchorMax: {x: 0.5, y: 0.5}
  m_AnchoredPosition: {x: 0.000015258789, y: -0.000005722046}
  m_SizeDelta: {x: 100, y: 100}
  m_Pivot: {x: 0.5, y: 0.5}
--- !u!224 &224877780961273102
RectTransform:
  m_ObjectHideFlags: 1
  m_PrefabParentObject: {fileID: 0}
  m_PrefabInternal: {fileID: 100100000}
  m_GameObject: {fileID: 1674823537014878}
  m_LocalRotation: {x: -0, y: -0, z: -0, w: 1}
  m_LocalPosition: {x: 0, y: 0, z: 0}
  m_LocalScale: {x: 0.03, y: 0.03, z: 1}
  m_Children:
  - {fileID: 224065336161404930}
  m_Father: {fileID: 4026348323029406}
  m_RootOrder: 0
  m_LocalEulerAnglesHint: {x: 0, y: 0, z: 0}
  m_AnchorMin: {x: 0, y: 0}
  m_AnchorMax: {x: 0, y: 0}
  m_AnchoredPosition: {x: 0, y: 3.5}
  m_SizeDelta: {x: 906, y: 482}
  m_Pivot: {x: 0.5, y: 0.5}
